@article{adapter,
  author    = {Neil Houlsby and
               Andrei Giurgiu and
               Stanislaw Jastrzebski and
               Bruna Morrone and
               Quentin de Laroussilhe and
               Andrea Gesmundo and
               Mona Attariyan and
               Sylvain Gelly},
  title     = {Parameter-Efficient Transfer Learning for {NLP}},
  journal   = {CoRR},
  volume    = {abs/1902.00751},
  year      = {2019},
  url       = {http://arxiv.org/abs/1902.00751},
  eprinttype = {arXiv},
  eprint    = {1902.00751},
  timestamp = {Tue, 21 May 2019 18:03:38 +0200},
  biburl    = {https://dblp.org/rec/journals/corr/abs-1902-00751.bib},
  bibsource = {dblp computer science bibliography, https://dblp.org}
}

@article{prefix,
  author    = {Xiang Lisa Li and
               Percy Liang},
  title     = {Prefix-Tuning: Optimizing Continuous Prompts for Generation},
  journal   = {CoRR},
  volume    = {abs/2101.00190},
  year      = {2021},
  url       = {https://arxiv.org/abs/2101.00190},
  eprinttype = {arXiv},
  eprint    = {2101.00190},
  timestamp = {Thu, 21 Jan 2021 14:42:30 +0100},
  biburl    = {https://dblp.org/rec/journals/corr/abs-2101-00190.bib},
  bibsource = {dblp computer science bibliography, https://dblp.org}
}

@article{lora,
  author    = {Edward J. Hu and
               Yelong Shen and
               Phillip Wallis and
               Zeyuan Allen{-}Zhu and
               Yuanzhi Li and
               Shean Wang and
               Weizhu Chen},
  title     = {LoRA: Low-Rank Adaptation of Large Language Models},
  journal   = {CoRR},
  volume    = {abs/2106.09685},
  year      = {2021},
  url       = {https://arxiv.org/abs/2106.09685},
  eprinttype = {arXiv},
  eprint    = {2106.09685},
  timestamp = {Tue, 29 Jun 2021 16:55:04 +0200},
  biburl    = {https://dblp.org/rec/journals/corr/abs-2106-09685.bib},
  bibsource = {dblp computer science bibliography, https://dblp.org}
}